<?xml version="1.0" encoding="UTF-8"?><record xmlns="http://www.loc.gov/MARC21/slim" xmlns:cinclude="http://apache.org/cocoon/include/1.0" xmlns:zs="http://www.loc.gov/zing/srw/">
  <leader>00459nz  a2200145n  4500</leader>
  <controlfield tag="001">no2009083332</controlfield>
  <controlfield tag="003">DLC</controlfield>
  <controlfield tag="005">20090531075322.0</controlfield>
  <controlfield tag="008">090529n| acannaabn          |a aaa     c</controlfield>
  <datafield tag="010" ind1=" " ind2=" ">
    <subfield code="a">no2009083332</subfield>
  </datafield>
  <datafield tag="035" ind1=" " ind2=" ">
    <subfield code="a">(OCoLC)oca08125238</subfield>
  </datafield>
  <datafield tag="040" ind1=" " ind2=" ">
    <subfield code="a">NcD-L</subfield>
    <subfield code="b">eng</subfield>
    <subfield code="c">NcD-L</subfield>
  </datafield>
  <datafield tag="100" ind1="1" ind2=" ">
    <subfield code="a">Soulé López, Hugo Carrasco</subfield>
  </datafield>
  <datafield tag="400" ind1="1" ind2=" ">
    <subfield code="a">López, Hugo Carrasco Soulé</subfield>
  </datafield>
  <datafield tag="670" ind1=" " ind2=" ">
    <subfield code="a">Estudios jurídicos en homenaje a Cipriano Gómez Lara, 2007:</subfield>
    <subfield code="b">t.p. (Hugo Carrasco Soulé López)</subfield>
  </datafield>
</record>